@article{Strubbe2017,
	affiliation = {Köln, Deutschland; Alfter, Deutschland; Bonn, Deutschland},
	author = {Strubbe, Thomas and Thenée, Nicolas and Wieschebrink, Christian},
	copyright = {Springer Fachmedien Wiesbaden GmbH, ein Teil von Springer Nature},
	doi = {10.1007/s11623-017-0762-7},
	journal = {Datenschutz und Datensicherheit - DuD},
	language = {German},
	month = {3},
	number = {4},
	pages = {223-226},
	title = {IT-Sicherheit in Kooperativen Intelligenten Verkehrssystemen},
	volume = {41},
	year = {2017},
}

@article{Kiometzis2017,
	affiliation = {Bonn, Deutschland; Sinzig, Deutschland},
	author = {Kiometzis, Michael and Ullmann, Markus},
	copyright = {Springer Fachmedien Wiesbaden GmbH, ein Teil von Springer Nature},
	doi = {10.1007/s11623-017-0763-6},
	journal = {Datenschutz und Datensicherheit - DuD},
	language = {German},
	month = {3},
	number = {4},
	pages = {227-232},
	title = {Fahrdaten für alle?},
	volume = {41},
	year = {2017},
}

@book{Ullmann2016,
	abstract = {A deployment of the Vehicle-to-Vehicle communication technology according to ETSI is in preparation in Europe. Currently, a Public Key Infrastructure policy for Intelligent Transport Systems in Europe is in discussion to enable V2V communication. This policy set aside two classes of keys and certificates for ITS vehicle stations: long term authentication keys and pseudonymous keys and certificates. We show that from our point of view the periodic sent Cooperative Awareness Messages with extensive data have technical limitations and together with the pseudonym concept cause privacy problems.},
	author = {Ullmann, Markus and Strubbe, Thomas and Wieschebrink, Christian},
	isbn = {9781612085159},
	keywords = {cooperative awareness,intelligent transport system,message,munication,privacy,pseudonym concept,vehicle-to-vehicle com-,vehicular ad hoc networks},
	number = {c},
	pages = {22--27},
	title = {{Technical Limitations and Privacy Shortcomings of the Vehicle-to-Vehicle Communication}},
	year = {2016}
}


@INPROCEEDINGS{Wiedersheim2010,
	author={B. {Wiedersheim} and Z. {Ma} and F. {Kargl} and P. {Papadimitratos}},
	booktitle={2010 Seventh International Conference on Wireless On-demand Network Systems and Services (WONS)}, 
	title={Privacy in inter-vehicular networks: Why simple pseudonym change is not enough}, 
	year={2010},
	volume={},
	number={},
	pages={176-183},
	doi={10.1109/WONS.2010.5437115}}

@manual{EUCooperativeV2X,
	title  = "COMMISSION STAFF WORKING DOCUMENT IMPACT ASSESSMENT Accompanying the document Commission Delegated Regulation supplementing Directive 2010/40/EU of the European Parliament and of the Council with regard to the deployment and operational use of cooperative intelligent transport systems",
	url    = "https://eur-lex.europa.eu/legal-content/EN/TXT/?uri=CELEX:52019SC0096#_Ref521658883",
	year   = {2019}
}

@online{BMVI,
	title = {BMVI - Intelligente Verkehrssysteme im Straßenverkehr},
	url = {https://www.bmvi.de/SharedDocs/DE/Artikel/DG/ivs-im-strassenverkehr.htm},
	urldate = {2021-01-30}
}

@online{Tender,
	title = {Cooperative Intelligent Transport System EU Root Certification Authority including Enrolment Authority and Authorisation Authority - Contract Notice},
	url = {https://ted.europa.eu/udl?uri=TED:NOTICE:184655-2019:TEXT:EN:HTML},
	urldate = {2021-01-30}
}

@online{Car2Car,
	title = {CAR 2 CAR Communication Consortium},
	url = {https://www.car-2-car.org},
	urldate = {2021-01-30}
}

@online{WAVE,
	title = {The ITS Standards Program. Deployment Resources},
	url = {https://www.standards.its.dot.gov/factsheets/factsheet/80},
	urldate = {2021-01-30}
}

@article{VANET,
	author = {Saini, Mukesh and Alelaiwi, Abdulhameed and El Saddik, Abdulmotaleb},
	year = {2015},
	month = {11},
	pages = {1-40},
	title = {How close are we to realizing a pragmatic VANET solution? A meta-survey},
	volume = {48},
	journal = {ACM Computing Surveys},
	doi = {10.1145/2817552}
}

@techreport{ETSI2013,
	abstract = {Siret N° 348 623 562 00017-NAF 742 C Association {\`{a}} but non lucratif enregistr{\'{e}}e {\`{a}} la Sous-Pr{\'{e}}fecture de Grasse (06) N° 7803/88},
	booktitle = {ETSI TS 103 097},
	isbn = {9781118894774},
	keywords = {ITS,its,privacy,protocol,security},
	pages = {1--33},
	title = {{TS 103 097 - V1.1.1 - Intelligent Transport Systems (ITS); Security; Security header and certificate formats}},
	volume = {1},
	year = {2013}
}

@techreport{ETSI2018,
	author = {{ETSI (European Telecommunications Standards Institute)}},
	booktitle = {ETSI Standards},
	keywords = {interoperability,interoperability, ITS, management, security,its,management,security},
	pages = {1--30},
	title = {{TS 102 941 - V1.2.1 - ITS; Security; Trust and Privacy Management}},
	volume = {1},
	year = {2018}
}


@techreport{CITS2016,
	title = {MITTEILUNG DER KOMMISSION AN DAS EUROPÄISCHE PARLAMENT, DEN RAT, DEN EUROPÄISCHEN WIRTSCHAFTS- UND SOZIALAUSSCHUSS UND DEN AUSSCHUSS DER REGIONEN Eine europäische Strategie für Kooperative Intelligente Verkehrssysteme - ein Meilenstein auf dem Weg zu einer kooperativen, vernetzten und automatisierten Mobilität},
	year = {2016}
}

@article{Barker2013,
	author = {Barker, Elaine and Chen, Lily and Roginsky, Allen and Vassilev, Apostol and Davis, Richard},
	doi = {10.6028/NIST.SP.800-56Ar3},
	keywords = {Diffie-Hellman,MQV,elliptic curve cryptography,finite field cryptography,key agreement,key confirmation,key derivation,key establishment,key transport},
	title = {{NIST Special Publication 800-56A Revision 2 Recommendation for Pair-Wise Key Establishment Schemes Using Discrete Logarithm Cryptography Recommendation for Pair-Wise Key Establishment Schemes Using Discrete Logarithm Cryptography}},
	url = {https://doi.org/10.6028/NIST.SP.800-56Ar3},
	year = {2013}
}

@article{Jochum2020,
	author = {Jochum},
	title = {Car-to-Car-Communication zwischen Datenbegehrlichkeit und digitaler Selbstbestimmung},
	journal = {ZD 2020, 497},
	year = {2020}
}

@article{Straub2018,
	author = {Klink-Straub/Straub},
	title = {Vernetzte Fahrzeuge – portable Daten},
	journal = {ZD 2018, 459},
	year = {2018}
}

@article{Weichert2016,
	author = {Weichert, Thilo},
	journal = {Svr},
	pages = {361},
	title = {{Car-to-Car-Communication zwischen Datenbegehrlichkeit und digitaler Selbstbestimmung}},
	year = {2016}
}


@misc{Dettki2005,
	author = {Dettki, Frank},
	keywords = {Fahrerunabh{\"{a}}ngige Kennwerte,Geradeauslaufverhalten,openloop/ closedloop Verhalten},
	mendeley-groups = {Seminar},
	title = {{Methoden zur objektiven Bewertung des Geradeauslaufs von Personenkraftwagen}},
	url = {https://elib.uni-stuttgart.de/handle/11682/4059},
	urldate = {2020-11-24},
	year = {2005}
}

@article{Seewald2018,
	author = {Seewald, Olga},
	pages = {124--132},
	title = {{Regulation of data privacy and cybersecurity in connected and automated vehicles in the U . S . and the EU – Part 1 **}},
	year = {2018}
}

@techreport{SecurityCITS,
	title = {{Result of C-ITS Platform Phase II Security Policy {\&} Governance Framework for Deployment and Operation of European Cooperative Intelligent Transport Systems (C-ITS) RELEASE 1}},
	url = {https://ec.europa.eu/transport/sites/transport/files/c-its_security_policy_release_1.pdf},
	year = {2017}
}

@techreport{StudyDeployment,
	author = {Asselin-Miller, Nick et al.},
	number = {MOVE/C.3./№ 2014-794},
	title = {{Study on the Deployment of C-ITS in Europe: Final Report. Framework Contract on Impact Assessment and Evaluation Studies in the Field of Transport MOVE/A3/119-2013-Lot № 5 Horizontal}},
	year = {2016}
}







